<?xml version="1.0" encoding="UTF-8"?><collection xmlns="http://www.loc.gov/MARC21/slim"><record><leader>00622nam--2200181-i-4500</leader><controlfield tag="001">000010892</controlfield><controlfield tag="002">20161230</controlfield><controlfield tag="005">20161230201029</controlfield><controlfield tag="008">060222s1000------------r-----000-0-fre-d</controlfield><datafield ind1=" " ind2=" " tag="040"><subfield code="a">IFIN-HH</subfield></datafield><datafield ind1=" " ind2=" " tag="041"><subfield code="a">fre</subfield></datafield><datafield ind1=" " ind2=" " tag="080"><subfield code="a">537.311.33(043)</subfield></datafield><datafield ind1="1" ind2=" " tag="100"><subfield code="a">Caerou,Jean-claude</subfield></datafield><datafield ind1="1" ind2="0" tag="245"><subfield code="a">Application de la methode des perturbations a l'etude de la conductivite d'un plasma solide anisotropie. cas de l'antimoniure d'indium en bande x</subfield><subfield code="b">These</subfield><subfield code="c">Jean-claude caerou</subfield></datafield><datafield ind1=" " ind2=" " tag="260"><subfield code="a">Grenoble</subfield><subfield code="b">Universite Scientifique Et Medicale De Grenoble</subfield><subfield code="c">1971</subfield></datafield><datafield ind1=" " ind2=" " tag="300"><subfield code="a">81 P</subfield></datafield><datafield ind1=" " ind2=" " tag="852"><subfield code="a">40331</subfield><subfield code="c">537.311.33</subfield></datafield><datafield ind1=" " ind2=" " tag="CAT"><subfield code="a">Sys</subfield><subfield code="c">20110721</subfield><subfield code="h">161501</subfield></datafield></record></collection>